<?xml version="1.0" encoding="UTF-8"?><collection xmlns="http://www.loc.gov/MARC21/slim"><record><leader>00342nam--2200133-i-4500</leader><controlfield tag="001">000033537</controlfield><controlfield tag="002">20161230</controlfield><controlfield tag="005">20161230201039</controlfield><controlfield tag="008">060222s1000------------r-----000-0-eng-d</controlfield><datafield ind1=" " ind2=" " tag="080"><subfield code="a">550.34:624</subfield></datafield><datafield ind1=" " ind2=" " tag="100"><subfield code="a">Moraru, Simion</subfield></datafield><datafield ind1=" " ind2=" " tag="245"><subfield code="a">Seismele si actiunea lor asupra constructiilor</subfield></datafield><datafield ind1=" " ind2=" " tag="260"><subfield code="a">Bucuresti, Ed.Tehnica, 1984, 340p</subfield></datafield><datafield ind1=" " ind2=" " tag="852"><subfield code="a">72026</subfield></datafield></record></collection>